
@book{somebook,
  author = {Elizabeth Rosenzweig},
  title = {Successful User Experience},
  year = {2015},
  publisher = {Morgan Kaufmann}
}

@online{samplewebs1,
  author = {Claire Drumond},
  title = {What is scrum and how to get started},
  year = {2015},
  url = {https://www.atlassian.com/agile/scrum},
  note = {Visited in March 2025}
}

@online{samplewebs2,
  author = {Marry Iqbal},
  title = {Why is Scrum the Most Popular Agile framework},
  year = {2023},
  url = {https://www.scrum.org/resources/blog/why-scrum-most-popular-agile-framework},
  note = {Consulté en March 2025}
}

@online{samplewebs3,
  author = {Visual Paradigm},
  title = {What is Unified Modeling Language (UML)},
  year = {2017},
  url = {https://www.visual-paradigm.com/guide/uml-unified-modeling-language/what-is-uml/},
  note = {Visited in April 2025}
}
@online{samplewebs4,
  author = {Figma},
  title = {What is a use case},
  year = {2023},
  url = {https://www.figma.com/resource-library/what-is-a-use-case/},
  note = {Visited in April 2025}
}

@online{samplewebs5,
  author = {Rahul Awati},
  title = {What is a Sprint},
  year = {2022},
  url = {https://www.techtarget.com/searchsoftwarequality/definition/Scrum-sprint#},
  note = {Visited in April 2025}
}

@online{samplewebs6,
  author = {Laurent AUDIBERT},
  title = {Mise en œuvre d'UML},
  year = {2013},
  url = {https://laurent-audibert.developpez.com/Cours-UML/?page=mise-en-oeuvre- 
  uml},
  note = {Visited in April 2025}
}

@online{samplewebs7,
  author = {Stardust},
  title = {Le test dans un projet agile},
  year = {2025},
  url = {https://www2.stardust-testing.com/blog-fr/le-test-dans-un-projet-agile},
  note = {Visited in April 2025}
}

@online{samplewebs8,
  author = {Agilemania},
  title = {What is a Burndown Chart: A Comprehensive Guide},
  year = {2025},
  url = {https://agilemania.com/what-is-a-burndown-chart#},
  note = {Visited in April 2025}
}
@online{samplewebs9,
  author = {drawio},
  title = {About drawio},
  year = {2025},
  url = {https://www.drawio.com/about},
  note = {Visited in April 2025}
}
@online{samplewebs10,
  author = {David Carlisle},
  title = {What is the difference between LaTeX and Overleaf?},
  year = {2024},
  url = {https://tex.stackexchange.com/questions/708018/what-is-the-difference-between-latex-and-overleaf#},
  note = {Visited in April 2025}
}

@online{samplewebs11,
  author = {balsamiq.com},
  title = {Getting started with Balsamiq for Desktop},
  year = {2008},
  url = {https://balsamiq.com/support/docs/getting-started/desktop/#},
  note = {Visited in April 2025}
}

@online{samplewebs12,
  author = {postman.com},
  title = {Your Complete API Platform, From Design to Delivery},
  year = {2022},
  url = {https://www.postman.com},
  note = {Visited in April 2025}
}
@online{samplewebs13,
  author = {oracle.com},
  title = {SQL Developer},
  year = {2022},
  url = {https://www.oracle.com/database/sqldeveloper/},
  note = {Visited in April 2025}
}
@online{samplewebs14,
  author = {solarwinds.com},
  title = {What Is an Oracle Database?},
  year = {2022},
  url = {https://www.solarwinds.com/resources/it-glossary/oracle-database},
  note = {Visited in April 2025}
}
@online{samplewebs15,
  author = {microsoft.com},
  title = {Meet the Visual Studio family},
  year = {2022},
  url = {https://visualstudio.microsoft.com},
  note = {Visited in April 2025}
}
@online{samplewebs16,
  author = {react.dev},
  title = {React,The library for web and native user interfaces},
  year = {2022},
  url = {https://react.dev},
  note = {Visited in April 2025}
}
@online{samplewebs17,
  author = {expressjs.com},
  title = {Express, Fast, unopinionated, minimalist web framework for Node.js},
  year = {2025},
  url = {https://expressjs.com},
  note = {Visited in April 2025}
}
@online{samplewebs18,
  author = {nodejs.org},
  title = {Run JavaScript Everywhere},
  year = {2025},
  url = {https://nodejs.org/en},
  note = {Visited in April 2025}
}
@online{samplewebs19,
  author = {tailwindcss.com},
  title = {Rapidly build modern websites without ever leaving your HTML.},
  year = {2025},
  url = {https://tailwindcss.com},
  note = {Visited in April 2025}
}
@online{samplewebs20,
  author = {Daniel Quinn, Jonas Winkler, and the Paperless-ngx team},
  title = {Paperless-ngx.},
  year = {2023},
  url = {https://docs.paperless-ngx.com},
  note = {Visited in Mai 2025}
}

@online{samplewebs21,
  author = {redis.io},
  title = {About Redis},
  year = {2025},
  url = {https://redis.io},
  note = {Visited in Mai 2025}
}
@online{samplewebs22,
  author = {jwt.io},
  title = {What is JSON Web Token?},
  year = {2025},
  url = {https://jwt.io/introduction},
  note = {Visited in Mai 2025}
}
@online{samplewebs23,
  author = {world.siteground.com},
  title = {What Is Gmail SMTP and How to Use Gmail With My Domain?},
  year = {2023},
  url = {https://world.siteground.com/kb/gmail-smtp-server/#What_is_SMTP},
  note = {Visited in Mai 2025}
}
@online{samplewebs24,
  author = {Arunn Thevapalan},
  title = {A Beginner's Guide to The OpenAI API: Hands-On Tutorial and Best Practices},
  year = {2023},
  url = {https://www.datacamp.com/tutorial/guide-to-openai-api-on-tutorial-best-practices},
  note = {Visited in Mai 2025}
}
@online{samplewebs25,
  author = {chartjs.org},
  title = {Chart.js},
  year = {2025},
  url = {https://www.chartjs.org},
  note = {Visited in Mai 2025}
}
@online{samplewebs26,
  author = {mozilla.org},
  title = {UUID},
  year = {2025},
  url = {https://developer.mozilla.org/en-US/docs/Glossary/UUID},
  note = {Visited in Mai 2025}
}
@online{samplewebs27,
  author = {AWS},
  title = {What is Docker?},
  year = {2025},
  url = {https://aws.amazon.com/docker/},
  note = {Visited in Mai 2025}
}
@online{samplewebs28,
  author = {Atlassian.com},
  title = {What is Jira?},
  year = {2025},
  url = {https://www.atlassian.com/software/jira/guides/getting-started/introduction#what-is-jira-software},
  note = {Visited in Mai 2025}
}
@online{samplewebs29,
  author = {github.com},
  title = {About GitHub and Git},
  year = {2025},
  url = {https://docs.github.com/en/get-started/start-your-journey/about-github-and-git},
  note = {Visited in Mai 2025}
}
@online{samplewebs30,
  author = {c4model.com},
  title = {Deployment diagram},
  year = {2025},
  url = {https://c4model.com/diagrams/deployment#:~:text=A%20deployment%20diagram%20allows%20you,upon%20a%20UML%20deployment%20diagram.},
  note = {Visited in Mai 2025}
}
@online{samplewebs31,
  author = {canva.com},
  title = {Creating a Gantt chart: How-tos, templates, and tips},
  year = {2025},
  url = {https://www.canva.com/online-whiteboard/gantt-chart/},
  note = {Visited in Mai 2025}
}




